/Users/James/Documents/Bibtex/library-abbrev.bib